@Manual{manualUOC,
  title={Introducción a la limpieza y análisis de los datos},
  author={Laia Subirats Maté, Diego Oswaldo Pérez Trenard, Mireia Calvo González},
  year={2019},
  publisher={FUOC}
}
@Manual{statisticsR,
  title={Introductory statistics with R},
  author={Peter Dalgaard},
  year={2019},
  publisher={FUOC}
}
@manual{awesome_tables,
  title={Create Awesome LaTeX Table with knitr::kable and kableExtra},
  author={Zhu, Hao},
  year={2019},
  publisher={Zhu, Hao}
}
@book{RMarkdownCookbook,
  title={R Markdown Cookbook},
  author={Xie, Yihui, Dervieux, Christophe and Riederer, Emily},
  year={2022},
  publisher={Chapman & Hall/CRC}
}

@book{ggplot2,
  title={An Introduction to ggplot2},
  author={Ozdemir, Ozancan},
  year={2022},
  publisher={}
}